<?xml version = "1.0" encoding = "UTF-8"?><OAI-PMH xmlns="http://www.openarchives.org/OAI/2.0/" xmlns:xsi="http://www.w3.org/2001/XMLSchema-instance" xsi:schemaLocation="http://www.openarchives.org/OAI/2.0/ http://www.openarchives.org/OAI/2.0/OAI-PMH.xsd"><ListRecords><record><header><identifier>aleph-publish:005399378</identifier></header><metadata><record xmlns="http://www.ddb.de/professionell/mabxml/mabxml-1.xsd"><leader>00000nM2.01200024------h</leader><controlfield tag="LDR">00000nM2.01200024------h</controlfield><controlfield tag="FMT">MH</controlfield><datafield tag="001" ind1="-" ind2="1"><subfield code="a">HT001250223</subfield></datafield><datafield tag="002" ind1="a" ind2="1"><subfield code="a">19991119</subfield></datafield><datafield tag="003" ind1="-" ind2="1"><subfield code="a">20170201102117</subfield></datafield><datafield tag="020" ind1="a" ind2="1"><subfield code="a">216892-3</subfield><subfield code="b">DNB</subfield></datafield><datafield tag="025" ind1="a" ind2="1"><subfield code="a">011273208</subfield></datafield><datafield tag="025" ind1="z" ind2="1"><subfield code="a">216892-3</subfield></datafield><datafield tag="026" ind1="-" ind2="1"><subfield code="a">ZDB216892-3</subfield></datafield><controlfield tag="030">a||d|||||||37</controlfield><datafield tag="036" ind1="a" ind2="1"><subfield code="a">XA-DXDE</subfield></datafield><datafield tag="037" ind1="b" ind2="1"><subfield code="a">ger</subfield></datafield><controlfield tag="050">a|a|||||||||||</controlfield><controlfield tag="052">p||||||aa||||||</controlfield><datafield tag="070" ind1="-" ind2="1"><subfield code="a">9001</subfield></datafield><datafield tag="070" ind1="a" ind2="1"><subfield code="a">DNB</subfield></datafield><datafield tag="070" ind1="b" ind2="1"><subfield code="a">1141</subfield></datafield><datafield tag="073" ind1="-" ind2="1"><subfield code="a">8,1</subfield></datafield><datafield tag="078" ind1="n" ind2="1"><subfield code="a">NWBib-Zeitschrift</subfield></datafield><datafield tag="200" ind1="b" ind2="1"><subfield code="k">Bonner Heimat- und Geschichtsverein</subfield><subfield code="9">(DE-588)1021896-8</subfield></datafield><datafield tag="201" ind1="-" ind2="1"><subfield code="k">Heimat- und Geschichtsverein</subfield><subfield code="h">Bonn</subfield></datafield><datafield tag="204" ind1="b" ind2="1"><subfield code="k">Verein Alt-Bonn</subfield><subfield code="9">(DE-588)1023968-6</subfield></datafield><datafield tag="331" ind1="-" ind2="1"><subfield code="a">Bonner Geschichtsblätter</subfield></datafield><datafield tag="359" ind1="-" ind2="1"><subfield code="a">hrsg. vom Bonner Heimat- und Geschichtsverein u. dem Stadtarchiv Bonn</subfield></datafield><datafield tag="370" ind1="a" ind2="1"><subfield code="a">Jahrbuch des Bonner Heimat- und Geschichtsvereins</subfield></datafield><datafield tag="370" ind1="a" ind2="1"><subfield code="a">Heimatvereins</subfield></datafield><datafield tag="375" ind1="e" ind2="1"><subfield code="a">Jahrbuch des Vereins Alt-Bonn</subfield><subfield code="f">Nebent. bis 4.1950</subfield></datafield><datafield tag="405" ind1="-" ind2="1"><subfield code="a">1.1937 - 2.1938; 3.1947 - 42.1992; 43/44.1993/94(1996) - 57/58.2008; 59.2009 - 60.2010; 62/63.2013 -</subfield></datafield><datafield tag="406" ind1="a" ind2="1"><subfield code="d">1</subfield><subfield code="j">1937</subfield><subfield code="n">35</subfield><subfield code="k">1984</subfield></datafield><datafield tag="406" ind1="a" ind2="1"><subfield code="d">36</subfield><subfield code="j">1984</subfield><subfield code="n">42</subfield><subfield code="k">1992</subfield></datafield><datafield tag="406" ind1="a" ind2="1"><subfield code="d">43/44</subfield><subfield code="j">1993/94</subfield><subfield code="n">57/58</subfield><subfield code="k">2008</subfield></datafield><datafield tag="406" ind1="a" ind2="1"><subfield code="d">59</subfield><subfield code="j">2009</subfield><subfield code="n">60</subfield><subfield code="k">2010</subfield></datafield><datafield tag="406" ind1="b" ind2="1"><subfield code="d">62/63</subfield><subfield code="j">2013</subfield></datafield><datafield tag="419" ind1="-" ind2="1"><subfield code="a">Bonn</subfield><subfield code="b">Bonner Heimat- u. Geschichtsverein</subfield><subfield code="c">1937-</subfield><subfield code="A">3</subfield></datafield><datafield tag="419" ind1="-" ind2="1"><subfield code="a">Bonn</subfield><subfield code="b">Stadtarchiv</subfield><subfield code="c">1937-</subfield><subfield code="A">3</subfield></datafield><datafield tag="425" ind1="b" ind2="1"><subfield code="a">1937</subfield></datafield><datafield tag="501" ind1="-" ind2="1"><subfield code="a">Erscheint teils auch als Band der monografischen Reihe: Veröffentlichungen des Stadtarchivs Bonn</subfield></datafield><datafield tag="505" ind1="-" ind2="1"><subfield code="p">Nebent.:</subfield><subfield code="a">Jahrbuch des Bonner Heimat- und Geschichtsvereins</subfield></datafield><datafield tag="523" ind1="-" ind2="1"><subfield code="a">Ersch. jährl.;  Bd. 61 soll noch ersch.</subfield></datafield><datafield tag="529" ind1="z" ind2="1"><subfield code="p">19.1965 darin 1960/64 von</subfield><subfield code="a">Bonner Bibliographie und Literaturbericht</subfield><subfield code="9">HT007027346</subfield></datafield><datafield tag="534" ind1="z" ind2="1"><subfield code="p">22=6; 26 enth. 14 als Teildr.; 38=42; 41=50; 42=52; 45/46=58; 47/48 enth. 59 als Teildr.; 49/50 enth. 61 als Teildr. von</subfield><subfield code="a">Stadtarchiv und Wissenschaftliche Stadtbibliothek &lt;Bonn&gt;: Veröffentlichungen des Stadtarchivs Bonn</subfield><subfield code="9">HT011183290</subfield></datafield><datafield tag="542" ind1="a" ind2="1"><subfield code="a">0068-0052</subfield></datafield><datafield tag="574" ind1="-" ind2="1"><subfield code="a">77,B11,0246</subfield></datafield><datafield tag="675" ind1="-" ind2="1"><subfield code="a">Heimatvereins</subfield></datafield><datafield tag="700" ind1="-" ind2="1"><subfield code="a">63</subfield><subfield code="2">DNB</subfield></datafield><datafield tag="700" ind1="-" ind2="1"><subfield code="a">61</subfield><subfield code="2">DNB</subfield></datafield><datafield tag="700" ind1="-" ind2="1"><subfield code="a">900</subfield><subfield code="2">DNB</subfield></datafield><datafield tag="700" ind1="-" ind2="1"><subfield code="a">920</subfield><subfield code="2">DNB</subfield></datafield><datafield tag="700" ind1="-" ind2="1"><subfield code="a">930</subfield><subfield code="2">DNB</subfield></datafield><datafield tag="700" ind1="-" ind2="1"><subfield code="a">940</subfield><subfield code="2">DNB</subfield></datafield><datafield tag="700" ind1="-" ind2="1"><subfield code="a">943</subfield><subfield code="2">DNB</subfield></datafield><datafield tag="700" ind1="-" ind2="1"><subfield code="a">950</subfield><subfield code="2">DNB</subfield></datafield><datafield tag="700" ind1="-" ind2="1"><subfield code="a">960</subfield><subfield code="2">DNB</subfield></datafield><datafield tag="700" ind1="-" ind2="1"><subfield code="a">970</subfield><subfield code="2">DNB</subfield></datafield><datafield tag="700" ind1="-" ind2="1"><subfield code="a">980</subfield><subfield code="2">DNB</subfield></datafield><datafield tag="700" ind1="-" ind2="1"><subfield code="a">990</subfield><subfield code="2">DNB</subfield></datafield><datafield tag="700" ind1="-" ind2="1"><subfield code="a">914.3</subfield><subfield code="2">ZDB</subfield></datafield><datafield tag="700" ind1="-" ind2="1"><subfield code="a">943</subfield><subfield code="2">ZDB</subfield></datafield><datafield tag="700" ind1="l" ind2="1"><subfield code="a">330</subfield></datafield><datafield tag="700" ind1="-" ind2="1"><subfield code="a">16.5</subfield><subfield code="2">DNB</subfield></datafield><datafield tag="700" ind1="n" ind2="1"><subfield code="a">99</subfield><subfield code="b">Bonn</subfield></datafield><datafield tag="700" ind1="n" ind2="1"><subfield code="a">240000</subfield></datafield><datafield tag="902" ind1="-" ind2="1"><subfield code="g">Bonn</subfield><subfield code="9">(DE-588)4007666-0</subfield></datafield><datafield tag="902" ind1="-" ind2="1"><subfield code="z">Geschichte</subfield></datafield><datafield tag="902" ind1="-" ind2="1"><subfield code="f">Zeitschrift</subfield></datafield><datafield tag="904" ind1="a" ind2="1"><subfield code="a">DNB</subfield></datafield><controlfield tag="SYS">005399378</controlfield><datafield tag="LOW" ind1="-" ind2="1"><subfield code="a">K1139</subfield></datafield><datafield tag="LOW" ind1="-" ind2="1"><subfield code="a">Q1070</subfield></datafield><datafield tag="LOW" ind1="-" ind2="1"><subfield code="a">Q0001</subfield></datafield><datafield tag="LOW" ind1="-" ind2="1"><subfield code="a">Q1142</subfield></datafield><datafield tag="LOW" ind1="-" ind2="1"><subfield code="a">Q1107</subfield></datafield><datafield tag="LOW" ind1="-" ind2="1"><subfield code="a">Q1109</subfield></datafield><datafield tag="LOW" ind1="-" ind2="1"><subfield code="a">O9025</subfield></datafield><datafield tag="LOW" ind1="-" ind2="1"><subfield code="a">M1101</subfield></datafield><datafield tag="LOW" ind1="-" ind2="1"><subfield code="a">Q1163</subfield></datafield><datafield tag="LOW" ind1="-" ind2="1"><subfield code="a">Q1160</subfield></datafield><datafield tag="LOW" ind1="-" ind2="1"><subfield code="a">Q1005</subfield></datafield><datafield tag="LOW" ind1="-" ind2="1"><subfield code="a">Q1064</subfield></datafield><datafield tag="LOW" ind1="-" ind2="1"><subfield code="a">Q1062</subfield></datafield><datafield tag="LOW" ind1="-" ind2="1"><subfield code="a">K0001</subfield></datafield><datafield tag="LOW" ind1="-" ind2="1"><subfield code="a">Z9030</subfield></datafield><datafield tag="LOW" ind1="-" ind2="1"><subfield code="a">R0001</subfield></datafield><datafield tag="LOW" ind1="-" ind2="1"><subfield code="a">R0003</subfield></datafield><datafield tag="LOW" ind1="-" ind2="1"><subfield code="a">X0001</subfield></datafield><datafield tag="LOW" ind1="-" ind2="1"><subfield code="a">C0001</subfield></datafield><datafield tag="LOW" ind1="-" ind2="1"><subfield code="a">B0001</subfield></datafield><datafield tag="LOW" ind1="-" ind2="1"><subfield code="a">B4026</subfield></datafield><datafield tag="LOW" ind1="-" ind2="1"><subfield code="a">Z9035</subfield></datafield><datafield tag="LOW" ind1="-" ind2="1"><subfield code="a">M1129</subfield></datafield><datafield tag="LOW" ind1="-" ind2="1"><subfield code="a">M1077</subfield></datafield><datafield tag="LOW" ind1="-" ind2="1"><subfield code="a">M0001</subfield></datafield><datafield tag="LOW" ind1="-" ind2="1"><subfield code="a">R1001</subfield></datafield><datafield tag="LOW" ind1="-" ind2="1"><subfield code="a">K6001</subfield></datafield><datafield tag="LOW" ind1="-" ind2="1"><subfield code="a">K1037</subfield></datafield><datafield tag="LOW" ind1="-" ind2="1"><subfield code="a">D0001</subfield></datafield><datafield tag="LOW" ind1="-" ind2="1"><subfield code="a">L0001</subfield></datafield><datafield tag="LOW" ind1="-" ind2="1"><subfield code="a">J5005</subfield></datafield><datafield tag="LOW" ind1="-" ind2="1"><subfield code="a">T0011</subfield></datafield><datafield tag="LOW" ind1="-" ind2="1"><subfield code="a">R1005</subfield></datafield><datafield tag="LOW" ind1="-" ind2="1"><subfield code="a">R1004</subfield></datafield><datafield tag="LOW" ind1="-" ind2="1"><subfield code="a">O9006</subfield></datafield><datafield tag="LOW" ind1="-" ind2="1"><subfield code="a">E0001</subfield></datafield><datafield tag="LOW" ind1="-" ind2="1"><subfield code="a">Z9022</subfield></datafield><datafield tag="LOW" ind1="-" ind2="1"><subfield code="a">Z9032</subfield></datafield><datafield tag="LOW" ind1="-" ind2="1"><subfield code="a">K7001</subfield></datafield><datafield tag="LOW" ind1="-" ind2="1"><subfield code="a">Y9003</subfield></datafield><datafield tag="952" ind1="-" ind2="1"><subfield code="k">Bonn</subfield><subfield code="b">Stadtverwaltung</subfield></datafield><datafield tag="952" ind1="-" ind2="1"><subfield code="k">Bonn</subfield><subfield code="b">Presseamt</subfield></datafield><datafield tag="952" ind1="-" ind2="1"><subfield code="k">Bonn</subfield><subfield code="b">Oberstadtdirektor</subfield></datafield><datafield tag="952" ind1="-" ind2="1"><subfield code="k">Bonn</subfield><subfield code="b">Hauptamt</subfield></datafield><datafield tag="952" ind1="-" ind2="1"><subfield code="k">Bonn</subfield><subfield code="b">Statistik und Wahlen</subfield></datafield><datafield tag="952" ind1="-" ind2="1"><subfield code="k">Bonn</subfield><subfield code="b">Presse- und Werbeamt</subfield></datafield><datafield tag="952" ind1="-" ind2="1"><subfield code="k">Bonn</subfield><subfield code="b">Oberbürgermeisterin</subfield></datafield><datafield tag="952" ind1="-" ind2="1"><subfield code="k">Oberbürgermeisterin</subfield><subfield code="h">Bonn</subfield></datafield><datafield tag="952" ind1="-" ind2="1"><subfield code="k">Presse- und Werbeamt</subfield><subfield code="h">Bonn</subfield></datafield><datafield tag="952" ind1="-" ind2="1"><subfield code="k">Stadtverwaltung</subfield><subfield code="h">Bonn</subfield></datafield><datafield tag="952" ind1="-" ind2="1"><subfield code="k">Presseamt</subfield><subfield code="h">Bonn</subfield></datafield><datafield tag="952" ind1="-" ind2="1"><subfield code="k">Oberstadtdirektor</subfield><subfield code="h">Bonn</subfield></datafield><datafield tag="952" ind1="-" ind2="1"><subfield code="k">Hauptamt</subfield><subfield code="h">Bonn</subfield></datafield><datafield tag="952" ind1="-" ind2="1"><subfield code="k">Statistik und Wahlen</subfield><subfield code="h">Bonn</subfield></datafield><datafield tag="952" ind1="-" ind2="1"><subfield code="g">Stadtkreis Bonn</subfield></datafield><datafield tag="952" ind1="-" ind2="1"><subfield code="g">Castra Bonnensia</subfield></datafield><datafield tag="952" ind1="-" ind2="1"><subfield code="g">Bonna</subfield></datafield><datafield tag="952" ind1="-" ind2="1"><subfield code="g">Bundesstadt Bonn</subfield></datafield><datafield tag="952" ind1="-" ind2="1"><subfield code="g">Stadt Bonn</subfield></datafield><datafield tag="952" ind1="-" ind2="1"><subfield code="g">Bundeshauptstadt Bonn</subfield></datafield><datafield tag="088" ind1=" " ind2=" "><subfield code="a">Sol 1</subfield><subfield code="b">Bestand: 1937 - FF</subfield><subfield code="c">MA 636</subfield><subfield code="e">keine ILL</subfield></datafield><datafield tag="088" ind1=" " ind2=" "><subfield code="a">38</subfield><subfield code="c">RHPER166</subfield><subfield code="e">Keine Angabe</subfield></datafield><datafield tag="088" ind1=" " ind2=" "><subfield code="a">5</subfield><subfield code="c">Z 46/238</subfield><subfield code="e">Keine Angabe</subfield></datafield><datafield tag="088" ind1=" " ind2=" "><subfield code="a">Kn 28</subfield><subfield code="b">MAG</subfield><subfield code="c">Zc 0445</subfield><subfield code="e">Grundsignatur</subfield></datafield><datafield tag="088" ind1=" " ind2=" "><subfield code="a">Kn 28</subfield><subfield code="b">MAG</subfield><subfield code="e">Zss.-Verwaltung</subfield></datafield><datafield tag="088" ind1=" " ind2=" "><subfield code="a">Kn 28</subfield><subfield code="b">MAG</subfield><subfield code="e">Zss.-Verwaltung</subfield></datafield><datafield tag="088" ind1=" " ind2=" "><subfield code="a">Kn 28</subfield><subfield code="b">MAG</subfield><subfield code="e">Zss.-Verwaltung</subfield></datafield><datafield tag="088" ind1=" " ind2=" "><subfield code="a">Kn 28</subfield><subfield code="b">MAG</subfield><subfield code="e">Zss.-Verwaltung</subfield></datafield><datafield tag="088" ind1=" " ind2=" "><subfield code="a">464</subfield><subfield code="b">D00</subfield><subfield code="c">40Z11_d</subfield><subfield code="e">Zsnbände</subfield></datafield><datafield tag="088" ind1=" " ind2=" "><subfield code="a">929</subfield><subfield code="c">Z 2687 MAG</subfield><subfield code="d">1.1937 - 2.1938; 4.1950 - 42.1992</subfield></datafield><datafield tag="088" ind1=" " ind2=" "><subfield code="a">Kn 41</subfield></datafield><datafield tag="088" ind1=" " ind2=" "><subfield code="a">5/198</subfield><subfield code="c">VZ 8/50</subfield><subfield code="d">3.1947 - 4.1950; 7.1953 - 25.1973; 27.1975 - 48.1998; 53/54.2004 - 60.2010</subfield></datafield><datafield tag="088" ind1=" " ind2=" "><subfield code="a">38/137</subfield><subfield code="d">5.1951; 8.1954; 25.1973; 31.1979; 34.1982; 36.1984</subfield></datafield><datafield tag="088" ind1=" " ind2=" "><subfield code="a">260</subfield><subfield code="c">Z 229</subfield><subfield code="d">1.1937 - 2.1938; 4.1950 - 21.1967</subfield></datafield><datafield tag="088" ind1=" " ind2=" "><subfield code="a">107</subfield></datafield><datafield tag="088" ind1=" " ind2=" "><subfield code="a">929</subfield></datafield><datafield tag="088" ind1=" " ind2=" "><subfield code="a">5/11</subfield></datafield><datafield tag="088" ind1=" " ind2=" "><subfield code="a">Bo 133</subfield><subfield code="c">X 2592</subfield><subfield code="d">21.1967; 28.1976 -</subfield></datafield><datafield tag="088" ind1=" " ind2=" "><subfield code="a">Kn 28</subfield><subfield code="c">Zc 445</subfield><subfield code="d">1.1937 -</subfield></datafield><datafield tag="088" ind1=" " ind2=" "><subfield code="a">Kob 1</subfield><subfield code="c">Z 142</subfield><subfield code="d">1.1937 - 2.1939; 3.1947 -</subfield></datafield><datafield tag="088" ind1=" " ind2=" "><subfield code="a">Mch 1</subfield><subfield code="c">Z 400</subfield><subfield code="d">1.1937 - 37.1985; 42.1992</subfield></datafield><datafield tag="088" ind1=" " ind2=" "><subfield code="a">Tr 2</subfield><subfield code="c">V 1175</subfield><subfield code="d">11.1957 - 20.1966</subfield></datafield><datafield tag="088" ind1=" " ind2=" "><subfield code="a">294</subfield></datafield><datafield tag="088" ind1=" " ind2=" "><subfield code="a">361</subfield></datafield><datafield tag="088" ind1=" " ind2=" "><subfield code="a">38</subfield><subfield code="c">RHPER166</subfield><subfield code="d">1.1937 -</subfield></datafield><datafield tag="088" ind1=" " ind2=" "><subfield code="a">38/445</subfield><subfield code="c">FZ 760/50</subfield><subfield code="d">3.1947; 16.1962; 20.1966; 24.1971 - 36.1984</subfield></datafield><datafield tag="088" ind1=" " ind2=" "><subfield code="a">380</subfield><subfield code="c">3 N 30</subfield><subfield code="d">1.1937; 3.1947 - 10.1957; 16.1962 - 20.1966; 25.1973 -</subfield></datafield><datafield tag="088" ind1=" " ind2=" "><subfield code="a">385</subfield><subfield code="c">z 293</subfield><subfield code="d">8.1954; 11.1957 - 19.1965; 21.1967 - 23.1969; 62/63.2013 - 65/66.2016</subfield></datafield><datafield tag="088" ind1=" " ind2=" "><subfield code="a">464</subfield><subfield code="c">D 00/40 Z 11</subfield><subfield code="d">10.1956; 12.1958 - 13.1959; 15.1961 - 17.1963; 21.1967 - 23.1969; 25.1973; 27.19</subfield></datafield><datafield tag="088" ind1=" " ind2=" "><subfield code="a">5</subfield><subfield code="c">Z 46/238</subfield><subfield code="d">1.1937 -</subfield></datafield><datafield tag="088" ind1=" " ind2=" "><subfield code="a">5/20</subfield><subfield code="d">7.1953</subfield></datafield><datafield tag="088" ind1=" " ind2=" "><subfield code="a">5/205</subfield><subfield code="c">Z BGBl</subfield><subfield code="d">1.1937 -</subfield></datafield><datafield tag="088" ind1=" " ind2=" "><subfield code="a">5/39</subfield><subfield code="c">Z 1115</subfield><subfield code="d">1.1937 -</subfield></datafield><datafield tag="088" ind1=" " ind2=" "><subfield code="a">5/41</subfield><subfield code="d">1.1937 - 9.1955; 11.1957 - 15.1961</subfield></datafield><datafield tag="088" ind1=" " ind2=" "><subfield code="a">5/7</subfield><subfield code="c">W 191 b</subfield><subfield code="d">1.1937 -</subfield></datafield><datafield tag="088" ind1=" " ind2=" "><subfield code="a">5/99</subfield><subfield code="c">S60:9 Dietz</subfield><subfield code="d">16.1962</subfield></datafield><datafield tag="088" ind1=" " ind2=" "><subfield code="a">6</subfield><subfield code="c">Z 7223</subfield><subfield code="d">1.1937 - 4.1950; 5/7.1951/53 - 13/14.1959/60; 15.1961; 16/17.1962/63; 18.1964 -</subfield></datafield><datafield tag="088" ind1=" " ind2=" "><subfield code="a">6/169</subfield><subfield code="c">Z II 115</subfield><subfield code="d">1.1937 - 2.1939; 3.1947 -</subfield></datafield><datafield tag="088" ind1=" " ind2=" "><subfield code="a">6/210</subfield><subfield code="c">Zp 41</subfield><subfield code="d">3.1947 - 12.1958; 15.1961 - 26.1974; 28.1976 - 33.1981; 35.1984; 40.1990(1993);</subfield></datafield><datafield tag="088" ind1=" " ind2=" "><subfield code="a">6/248</subfield><subfield code="d">4.1950; 7.1953; 9.1955</subfield></datafield><datafield tag="088" ind1=" " ind2=" "><subfield code="a">61</subfield><subfield code="b">LS</subfield><subfield code="c">his z b 560</subfield><subfield code="d">1.1937 -</subfield></datafield><datafield tag="088" ind1=" " ind2=" "><subfield code="a">64</subfield><subfield code="c">TH 149</subfield><subfield code="d">1.1937 -</subfield></datafield><datafield tag="088" ind1=" " ind2=" "><subfield code="a">69</subfield><subfield code="c">DZ Bon (Magazin)</subfield><subfield code="d">1.1937; 24.1971 -</subfield></datafield><datafield tag="088" ind1=" " ind2=" "><subfield code="a">929</subfield><subfield code="c">Z 2687 FH</subfield><subfield code="d">43/44.1993/94(1996) - 57/58.2007/08(2008); 59.2009 - 60.2010; 62/63.2013 -</subfield></datafield><datafield tag="088" ind1=" " ind2=" "><subfield code="a">60</subfield><subfield code="c">Zs 2196</subfield><subfield code="d">12.1958 - 29.1977</subfield></datafield><datafield tag="088" ind1=" " ind2=" "><subfield code="a">5</subfield><subfield code="c">Z 46/238 #1</subfield><subfield code="d">3.1947 - 5.1951</subfield></datafield><datafield tag="088" ind1=" " ind2=" "><subfield code="a">5</subfield><subfield code="b">[HL]</subfield><subfield code="c">Z 46/238 #1</subfield><subfield code="d">9.1955</subfield></datafield><datafield tag="088" ind1=" " ind2=" "><subfield code="a">5</subfield><subfield code="b">[HL]</subfield><subfield code="c">Z 46/238 #1</subfield><subfield code="d">43/44.1993/94(1996)</subfield></datafield><datafield tag="088" ind1=" " ind2=" "><subfield code="a">5</subfield><subfield code="b">[LS]</subfield><subfield code="c">Z 46/238 #1</subfield><subfield code="d">16.1962 - 17.1963</subfield></datafield><datafield tag="088" ind1=" " ind2=" "><subfield code="a">6/210</subfield><subfield code="c">Aa 7232/1</subfield><subfield code="d">42.1992</subfield></datafield><datafield tag="088" ind1=" " ind2=" "><subfield code="a">Kn 3</subfield><subfield code="c">Zb Bonner 1</subfield><subfield code="d">3.1947; 20.1967. 35.1984; 36.1984; 42.1992; 43/44.1993/94(1996); 49/50.1999/2000</subfield></datafield><datafield tag="088" ind1=" " ind2=" "><subfield code="a">107</subfield><subfield code="c">A 562</subfield><subfield code="d">6.1952 - 42.1992; 43/44.1993/94(1996) - 57/58.2008; 59.2009 - 60.2010; 62/63.201</subfield></datafield><datafield tag="088" ind1=" " ind2=" "><subfield code="a">Bo 59</subfield><subfield code="c">Jj 513/1937 Bonn</subfield><subfield code="d">1.1937 -</subfield></datafield><datafield tag="088" ind1=" " ind2=" "><subfield code="a">5/95</subfield><subfield code="c">A2 38.5</subfield><subfield code="d">8.1954; 11.1957; 53/54.2004 - 57/58.2008</subfield></datafield><datafield tag="088" ind1=" " ind2=" "><subfield code="a">294/38</subfield></datafield><datafield tag="088" ind1=" " ind2=" "><subfield code="a">51</subfield><subfield code="c">Zs 2400</subfield><subfield code="d">35.1984 - 38.1988(1989); 43/44.1993/94(1996); 45/46.1995/96(1998); 47/48.1998</subfield></datafield><datafield tag="088" ind1=" " ind2=" "><subfield code="a">227</subfield><subfield code="b">Heimatkunde</subfield><subfield code="c">Dz1 Berichte</subfield><subfield code="d">11.1957; 18.1964 - 19.1965; 22.1968 - 23.1969; 27.1975; 29.1977 - 30.1978;</subfield></datafield><datafield tag="088" ind1=" " ind2=" "><subfield code="a">6/210</subfield><subfield code="c">Bp 1110/11</subfield><subfield code="d">22.1968; 26.1974; 38.1989; 42.1992; 47/48.1998</subfield></datafield><datafield tag="088" ind1=" " ind2=" "><subfield code="a">6/210</subfield><subfield code="c">Bp 1110/71</subfield><subfield code="d">16.1962 - 17.1963</subfield></datafield><datafield tag="088" ind1=" " ind2=" "><subfield code="a">Sie 5</subfield><subfield code="b">Siegburg</subfield><subfield code="c">Z 6</subfield><subfield code="d">1.1937 -</subfield></datafield><datafield tag="088" ind1=" " ind2=" "><subfield code="a">5/11</subfield><subfield code="c">+ L 14</subfield><subfield code="d">9.1955; 16.1962 - 51/52.2001/02</subfield></datafield><datafield tag="088" ind1=" " ind2=" "><subfield code="a">465</subfield><subfield code="c">E 86/BG</subfield><subfield code="d">11.1957 - 12.1958; 14.1960 - 18.1964; 20.1966 - 24.1971; 26.1974 - 28.1976</subfield></datafield></record></metadata></record></ListRecords></OAI-PMH>